
@article{
	001,
	Author = {未来科技},
	Title = {jQuery实战从入门到精通},
	Journal = {水利水电出版社},
	Year = {2017} }

@article{
	002,
	Author = {叶维忠},
	Title = {Python编程从入门到精通},
	Journal = {人民邮电出版社},
	Year = {2017} }

@article{
	003,
	Author = {杜文洁},
	Title = {高等学校毕业设计（论文）指导教程——电子信息类专业},
	Journal = {水利水电出版社},
	Year = {2015} }

@article{
	004,
	Author = {克罗克福特},
	Title = {JavaScript：The Good Parts},
	Journal = {东南大学出版社},
	Year = {2008} }

@article{
	005,
	Author = {Broadview},
	Title = {深入浅出webpack},
	Journal = {电子工业出版社},
	Year = {2018} }

@article{
	006,
	Author = {Alex Banks and Eve Porcello},
	Title = {Python编程从入门到精通},
	Journal = {中国电力出版社},
	Year = {2017} }

@article{
	007,
	Author = {刘一奇},
	Title = {React与Redux开发实例精解},
	Year = {2016} }

@article{
	008,
	Author = {程墨},
	Title = {深入浅出React和Redux},
	Journal = {机械工业出版社},
	Year = {2017} }

@article{
	009,
	Author = {程墨},
	Title = {深入浅出RxJS},
	Journal = {机械工业出版社},
	Year = {2018} }

@article{
	010,
	Author = {Micheal Jaworski and Tarek Ziade},
	Title = {Expert Python Programming},
	Journal = {Packt Publishing},
	Year = {2016} }

@article{
	011,
	Author = {Luciano ramalho},
	Title = {Fluent Python},
	Journal = {人民电邮出版社},
	Year = {2017} }

@article{
	012,
	Author = {Micha Gorelick and Ian Ozsvald},
	Title = {High Performance Python},
	Journal = {人民邮电出版社},
	Year = {2017} }

@article{
	013,
	Author = { 米格尔·格林贝格},
	Title = {Flask Web Development},
	Journal = {人民邮电出版社},
	Year = {2018} }

@article{
	014,
	Author = {古斯塔夫·勒庞},
	Title = {The crowd: a study of the popular mind},
	Journal = {广西师范大学出版社},
	Year = {2011} }

@article{
	015,
	Author = {张静},
	Title = {慧眼识人——心理学评测在人才管理中的应用},
	Journal = {辽宁科技},
	year = {2016}
}